
@incollection{blass2010combinatorial,
	title={Combinatorial cardinal characteristics of the continuum},
	author={Blass, Andreas},
	booktitle={Handbook of set theory},
	pages={395--489},
	year={2010},
	publisher={Springer}
}